<record><leader>00000cas a22000007a 4500</leader><controlfield tag="001">19226873</controlfield><controlfield tag="008">890216d18901890mouwr ne      0    0eng d</controlfield><datafield ind1=" " ind2=" " tag="010"><subfield code="a">sn 89066295 </subfield></datafield><datafield ind1=" " ind2=" " tag="040"><subfield code="a">MQN</subfield><subfield code="b">eng</subfield><subfield code="c">MQN</subfield><subfield code="d">OCLCQ</subfield></datafield><datafield ind1=" " ind2=" " tag="042"><subfield code="a">msc</subfield></datafield><datafield ind1="0" ind2=" " tag="130"><subfield code="a">Harrison County journal (Bethany, Mo.)</subfield></datafield><datafield ind1="1" ind2="0" tag="245"><subfield code="a">Harrison County journal.</subfield></datafield><datafield ind1=" " ind2=" " tag="260"><subfield code="a">Bethany, Mo. :</subfield><subfield code="b">S.B. Strock,</subfield><subfield code="c">1890.</subfield></datafield><datafield ind1=" " ind2=" " tag="300"><subfield code="a">v.</subfield></datafield><datafield ind1=" " ind2=" " tag="310"><subfield code="a">Weekly</subfield></datafield><datafield ind1="0" ind2=" " tag="362"><subfield code="a">Vol. 14, no. 8 (Apr. 24, 1890)-v. 14, no. 24 (Aug. 14, 1890).</subfield></datafield><datafield ind1=" " ind2=" " tag="752"><subfield code="a">United States</subfield><subfield code="b">Missouri</subfield><subfield code="c">Harrison</subfield><subfield code="d">Bethany.</subfield></datafield><datafield ind1="0" ind2="0" tag="780"><subfield code="t">Broad-ax (Bethany, Mo.)</subfield><subfield code="w">(DLC)sn 89066294</subfield></datafield><datafield ind1="0" ind2="0" tag="785"><subfield code="t">Harrison County democrat (Bethany, Mo.)</subfield><subfield code="w">(DLC)sn 89066307</subfield></datafield></record>